<record><leader>00000cas a22000007a 4500</leader><controlfield tag="001">20006035</controlfield><controlfield tag="008">890713d188318uunduwr ne      0    0eng d</controlfield><datafield ind1=" " ind2=" " tag="010"><subfield code="a">sn 89074179 </subfield></datafield><datafield ind1=" " ind2=" " tag="040"><subfield code="a">NOP</subfield><subfield code="b">eng</subfield><subfield code="c">NOP</subfield><subfield code="d">OCLCQ</subfield></datafield><datafield ind1=" " ind2=" " tag="042"><subfield code="a">msc</subfield></datafield><datafield ind1="0" ind2="4" tag="082"><subfield code="a">071.84/75</subfield><subfield code="2">19</subfield></datafield><datafield ind1="0" ind2="4" tag="245"><subfield code="a">The Washburn times.</subfield></datafield><datafield ind1=" " ind2=" " tag="260"><subfield code="a">Washburn, D.T. [N.D.] :</subfield><subfield code="b">W.R. Maze</subfield></datafield><datafield ind1=" " ind2=" " tag="300"><subfield code="a">v. ;</subfield><subfield code="c">55 cm.</subfield></datafield><datafield ind1=" " ind2=" " tag="310"><subfield code="a">Weekly</subfield></datafield><datafield ind1="0" ind2=" " tag="362"><subfield code="a">Vol. 1, no. 1 (May 10, 1883)-</subfield></datafield><datafield ind1=" " ind2=" " tag="500"><subfield code="a">"Official paper of McLean County," 1884-1887.</subfield></datafield><datafield ind1=" " ind2=" " tag="530"><subfield code="a">Available on microfilm from the State Historical Society of North Dakota.</subfield></datafield><datafield ind1=" " ind2=" " tag="752"><subfield code="a">United States</subfield><subfield code="b">North Dakota</subfield><subfield code="c">McLean</subfield><subfield code="d">Washburn.</subfield></datafield><datafield ind1="0" ind2="0" tag="785"><subfield code="t">Washburn leader</subfield><subfield code="w">(DLC)sn 85000631</subfield></datafield><datafield ind1="1" ind2=" " tag="029"><subfield code="a">AU@</subfield><subfield code="b">000027396076</subfield></datafield></record>